<?xml version="1.0" encoding="UTF-8"?><collection xmlns="http://www.loc.gov/MARC21/slim"><record><leader>00571nam--2200193-u-4500</leader><controlfield tag="001">000055915</controlfield><controlfield tag="002">20161230</controlfield><controlfield tag="005">20161230201052</controlfield><controlfield tag="008">130816s1000------------r-----000-0-eng-d</controlfield><datafield ind1=" " ind2=" " tag="020"><subfield code="a">9027718474</subfield></datafield><datafield ind1=" " ind2=" " tag="040"><subfield code="a">IFIN-HH</subfield></datafield><datafield ind1=" " ind2=" " tag="080"><subfield code="a">530.1:512.54</subfield></datafield><datafield ind1="1" ind2=" " tag="100"><subfield code="a">Ibragimov, Nail</subfield></datafield><datafield ind1="1" ind2="0" tag="245"><subfield code="a">Transformation groups applied to marthematical physics</subfield><subfield code="c">Nail h. ibragimov</subfield></datafield><datafield ind1=" " ind2=" " tag="260"><subfield code="a">Dordrecht</subfield><subfield code="b">D. Reidel Publishing Company</subfield><subfield code="c">1985</subfield></datafield><datafield ind1=" " ind2=" " tag="300"><subfield code="a">XV+394P</subfield></datafield><datafield ind1=" " ind2=" " tag="490"><subfield code="a">Mathematics And Its Applications (Soviet Series)</subfield></datafield><datafield ind1=" " ind2=" " tag="852"><subfield code="a">73153</subfield><subfield code="c">519.4/5</subfield></datafield><datafield ind1=" " ind2=" " tag="CAT"><subfield code="a">Sys</subfield><subfield code="c">20130816</subfield><subfield code="h">133416</subfield></datafield></record></collection>